%EKSEMPEL: 

%   @article{einstein,
%     author =       "Albert Einstein",
%     title =        "{Zur Elektrodynamik bewegter K{\"o}rper}. ({German})
%                    [{On} the electrodynamics of moving bodies]",
%     journal =      "Annalen der Physik",
%     volume =       "322",
%     number =       "10",
%     pages =        "891--921",
%     year =         "1905",
%     DOI =          "http://dx.doi.org/10.1002/andp.19053221004"
%   }

@book{kniberg,
    author = "Henrik Kniberg",
    title = "Scrum and XP from the trenches",
    year = "2015",
    edition = "2"
    publisher = "C4Media"
}

@book{dybå,
    author = "Dybå, Tore - Dingsøyr, Torgeir - Moe, Nils Brede",
    title = "Praktisk prosessforbedring: en håndbok for IT-bedrifter"
    year = "2002",
    publisher = "Fagbokforl"
}

%http://www.agilemanifesto.org/, 8.10.2015, 11:51
@online{agilemanifesto,
  author = {The Agile Manifesto Team},
  title = {The Agile Manifesto},
  year = 2015,
  url = {http://www.agilemanifesto.org/},
  urldate = {2015-08-10}
}

%http://www.scrumguides.org/scrum-guide.html 29.10.2015, 11:22 
@online{scrumguides,
    author = {Schwaber, Ken - Sutherland, Jeff},
    title = {The Scrum Guide},
    year = 2013,
    url = {http://www.scrumguides.org/scrum-guide.html/},
    urldate = {2015-10-29}
}

%http://whatis.techtarget.com/definition/scrum-master
%http://scrummethodology.com/the-scrummaster-role/


%Noe mer vi mangler?